# This citation is used as a placeholder
@inproceedings{TODO,
  title={TODO},
  author={UNKNOWN},
  year={TODO}
}

@inproceedings{Durbin1998BiologicalSA,
  title={Biological Sequence Analysis: Probabilistic Models of Proteins and Nucleic Acids},
  author={Richard Durbin and Sean R. Eddy and Anders Krogh and Graeme J. Mitchison},
  year={1998}
}

@article{Bishop1986MaximumLA,
  title={Maximum likelihood alignment of DNA sequences.},
  author={Martin J. Bishop and E. A. Thompson},
  journal={Journal of molecular biology},
  year={1986},
  volume={190 2},
  pages={159-65}
}

# Efficient EM estimation
@article{Baum1970AMT,
  title={A Maximization Technique Occurring in the Statistical Analysis of Probabilistic Functions of Markov Chains},
  author={Leonard E. Baum and Ted Petrie and George W. Soules and Norman Weiss},
  journal={Annals of Mathematical Statistics},
  year={1970},
  volume={41},
  pages={164-171}
}

@article{Baum1966HMMs,
    author = {Leonard E. Baum and Ted Petrie},
    title = {{Statistical Inference for Probabilistic Functions of Finite State Markov Chains}},
    volume = {37},
    journal = {The Annals of Mathematical Statistics},
    number = {6},
    publisher = {Institute of Mathematical Statistics},
    pages = {1554 -- 1563},
    year = {1966},
    doi = {10.1214/aoms/1177699147},
    URL = {https://doi.org/10.1214/aoms/1177699147}
}

@article{Knuth1992TwoNO,
  title={Two notes on notation},
  author={Donald Ervin Knuth},
  journal={American Mathematical Monthly},
  year={1992},
  volume={99},
  pages={403-422}
}

# NN & DL
@inproceedings{nn_and_dl,
  title={Neural Networks and Deep Learning},
  author={Michael A. Nielsen},
  publisher={Determination Press},
  year={2015}
}

# Batch Normalization
@inproceedings{Ioffe2015BatchNA,
  title={Batch Normalization: Accelerating Deep Network Training by Reducing Internal Covariate Shift},
  author={Sergey Ioffe and Christian Szegedy},
  booktitle={International Conference on Machine Learning},
  year={2015}
}


# ReLU
@article{Hahnloser2000DigitalSA,
  title={Digital selection and analogue amplification coexist in a cortex-inspired silicon circuit},
  author={Richard Hans Robert Hahnloser and Rahul Sarpeshkar and Misha A. Mahowald and Rodney J. Douglas and H. Sebastian Seung},
  journal={Nature},
  year={2000},
  volume={405},
  pages={947-951}
}

# Vanishing gradient problem
@inproceedings{Hochreiter2001GradientFI,
  title={Gradient Flow in Recurrent Nets: the Difficulty of Learning Long-Term Dependencies},
  author={Sepp Hochreiter and Yoshua Bengio},
  year={2001}
}


# Intro of backprop
@article{Leppo1970,
  title={The representation of the cumulative rounding error of an algorithm as a Taylor expansion of the local rounding errors},
  author={Seppo Linnainmaa},
  year={1976},
  publisher={University of Helsinki},
  pages={6-7}
}

# Backpropogation popularisation
@article{Rumelhart1986LearningRB,
  title={Learning representations by back-propagating errors},
  author={David E. Rumelhart and Geoffrey E. Hinton and Ronald J. Williams},
  journal={Nature},
  year={1986},
  volume={323},
  pages={533-536}
}

# AdaGrad
@inproceedings{RMSProp,
  title={Coursera: Neural Networks for Machine Learning},
  author={Geoffrey Hinton},
  url={https://www.cs.toronto.edu/~tijmen/csc321/slides/lecture_slides_lec6.pdf},
  year={2012},
}

# AdaGrad
@inproceedings{Duchi2011AdaptiveSM,
  title={Adaptive Subgradient Methods for Online Learning and Stochastic Optimization},
  author={John C. Duchi and Elad Hazan and Yoram Singer},
  booktitle={Journal of machine learning research},
  year={2011}
}


# Adam stochastic optimiser
@article{Kingma2014AdamAM,
  title={Adam: A Method for Stochastic Optimization},
  author={Diederik P. Kingma and Jimmy Ba},
  journal={CoRR},
  year={2014},
  volume={abs/1412.6980}
}

# Pre-perceptron
@article{McCulloch2021ALC,
  title={A logical calculus of the ideas immanent in nervous activity},
  author={Warren S. McCulloch and Walter H. Pitts},
  journal={Bulletin of Mathematical Biology},
  year={2021},
  volume={52},
  pages={99-115}
}


# Perceptrons
@article{Rosenblatt1963PRINCIPLESON,
  title={PRINCIPLES OF NEURODYNAMICS. PERCEPTRONS AND THE THEORY OF BRAIN MECHANISMS},
  author={Frank Rosenblatt},
  journal={American Journal of Psychology},
  year={1963},
  volume={76},
  pages={705}
}

# Cross entropy
@article{Neal2007PatternRA,
  title={Pattern Recognition and Machine Learning},
  author={Radford M. Neal},
  journal={Technometrics},
  year={2007},
  volume={49},
  pages={366 - 366}
}

# FFNNs are universal approximators
@article{Hornik1989MultilayerFN,
  title={Multilayer feedforward networks are universal approximators},
  author={Kurt Hornik and Maxwell B. Stinchcombe and Halbert L. White},
  journal={Neural Networks},
  year={1989},
  volume={2},
  pages={359-366}
}

# CuSum
@article{page_continuous_1954,
    title = {{continuous} {inspection} {schemes}},
    volume = {41},
    issn = {0006-3444},
    url = {https://doi.org/10.1093/biomet/41.1-2.100},
    doi = {10.1093/biomet/41.1-2.100},
    number = {1-2},
    urldate = {2023-05-30},
    journal = {Biometrika},
    author = {Page, E. S.},
    month = {june},
    year = {1954},
    note = {4816 citations (Semantic Scholar/DOI) [2023-05-30]},
    pages = {100--115},
    file = {Snapshot:/Users/brk/Zotero/storage/886PZALL/456627.html:text/html},
}


@misc{norvig_how_2007,
	title = {How to {Write} a {Spelling} {Corrector}},
	url = {https://norvig.com/spell-correct.html},
	urldate = {2023-05-25},
	author = {Norvig, Peter},
	year = {2007},
}

@misc{arriaga2022,
    title={CharaChorder - Type at the speed of thought},
    url={https://www.charachorder.com/},
    journal={CharaChorder},
    author={Arriaga, Adan},
    year = {2022},
}

@article{murase2012,
    author = {Murase, Taichi and Moteki, Atsunori and Suzuki, Genta and Nakai, Takahiro and Hara, Nobuyuki and Matsuda, Takahiro},
    year = {2012},
    month = {03},
    pages = {},
    title = {Gesture keyboard with a machine learning requiring only one camera},
    doi = {10.1145/2160125.2160154}
}

@article{alvi2007,
    author = {Alvi, Aleem and Azhar, M.Y.B. and Usman, Mehmood and Mumtaz, Suleman and Rafiq, Sameer and Rehman, Razi and Ahmed, Israr},
    year = {2007},
    month = {01},
    pages = {},
    title = {Pakistan Sign Language Recognition Using Statistical Template Matching},
    volume = {1},
    journal = {International Journal of Computer, Electrical, Automation, Control and Information Engineering, World Academy Of Science, Engineering and Technology}
}

@article{hurroo2020,
    title={Sign Language Recognition System using Convolutional Neural Network and Computer Vision},
    author={Mehreen Hurroo and Mohammad Karim Elham},
    journal={International journal of engineering research and technology},
    year={2020},
    volume={9}
}

@article{seaborn,
    doi = {10.21105/joss.03021},
    url = {https://doi.org/10.21105/joss.03021},
    year = {2021},
    publisher = {The Open Journal},
    volume = {6},
    number = {60},
    pages = {3021},
    author = {Michael L. Waskom},
    title = {seaborn: statistical data visualization},
    journal = {Journal of Open Source Software}
 }

@software{pandas,
    author       = {{The Pandas Development Team}},
    title        = {pandas-dev/pandas: Pandas},
    month        = feb,
    year         = 2020,
    publisher    = {Zenodo},
    version      = {latest},
    doi          = {10.5281/zenodo.3509134},
    url          = {https://doi.org/10.5281/zenodo.3509134}
}

@article{matplotlib,
  Author    = {Hunter, J. D.},
  Title     = {Matplotlib: A 2D graphics environment},
  Journal   = {Computing in Science \& Engineering},
  Volume    = {9},
  Number    = {3},
  Pages     = {90--95},
  abstract  = {Matplotlib is a 2D graphics package used for Python for
  application development, interactive scripting, and publication-quality
  image generation across user interfaces and operating systems.},
  publisher = {IEEE COMPUTER SOC},
  doi       = {10.1109/MCSE.2007.55},
  year      = 2007
}

@article{         numpy,
 title         = {Array programming with {NumPy}},
 author        = {Charles R. Harris and K. Jarrod Millman and St{\'{e}}fan J.
                 van der Walt and Ralf Gommers and Pauli Virtanen and David
                 Cournapeau and Eric Wieser and Julian Taylor and Sebastian
                 Berg and Nathaniel J. Smith and Robert Kern and Matti Picus
                 and Stephan Hoyer and Marten H. van Kerkwijk and Matthew
                 Brett and Allan Haldane and Jaime Fern{\'{a}}ndez del
                 R{\'{i}}o and Mark Wiebe and Pearu Peterson and Pierre
                 G{\'{e}}rard-Marchant and Kevin Sheppard and Tyler Reddy and
                 Warren Weckesser and Hameer Abbasi and Christoph Gohlke and
                 Travis E. Oliphant},
 year          = {2020},
 month         = sep,
 journal       = {Nature},
 volume        = {585},
 number        = {7825},
 pages         = {357--362},
 doi           = {10.1038/s41586-020-2649-2},
 publisher     = {Springer Science and Business Media {LLC}},
 url           = {https://doi.org/10.1038/s41586-020-2649-2}
}

@misc{tensorflow2015,
    title={ {TensorFlow}: Large-Scale Machine Learning on Heterogeneous Systems},
    url={https://www.tensorflow.org/},
    note={Software available from tensorflow.org},
    author={
        Mart\'{i}n~Abadi and
            Ashish~Agarwal and
            Paul~Barham and
            Eugene~Brevdo and
            Zhifeng~Chen and
            Craig~Citro and
            Greg~S.~Corrado and
            Andy~Davis and
            Jeffrey~Dean and
            Matthieu~Devin and
            Sanjay~Ghemawat and
            Ian~Goodfellow and
            Andrew~Harp and
            Geoffrey~Irving and
            Michael~Isard and
            Yangqing Jia and
            Rafal~Jozefowicz and
            Lukasz~Kaiser and
            Manjunath~Kudlur and
            Josh~Levenberg and
            Dandelion~Man\'{e} and
            Rajat~Monga and
            Sherry~Moore and
            Derek~Murray and
            Chris~Olah and
            Mike~Schuster and
            Jonathon~Shlens and
            Benoit~Steiner and
            Ilya~Sutskever and
            Kunal~Talwar and
            Paul~Tucker and
            Vincent~Vanhoucke and
            Vijay~Vasudevan and
            Fernanda~Vi\'{e}gas and
            Oriol~Vinyals and
            Pete~Warden and
            Martin~Wattenberg and
            Martin~Wicke and
            Yuan~Yu and
            Xiaoqiang~Zheng},
    year={2015},
}

@book{python2009,
 author = {Van Rossum, Guido and Drake, Fred L.},
 title = {Python 3 Reference Manual},
 year = {2009},
 isbn = {1441412697},
 publisher = {CreateSpace},
 address = {Scotts Valley, CA}
}

@inproceedings{rust2014,
  title={The Rust language},
  author={Matsakis, Nicholas D and Klock II, Felix S},
  booktitle={ACM SIGAda Ada Letters},
  volume={34},
  number={3},
  pages={103--104},
  year={2014},
  organization={ACM}
}

@misc{adxl335,
    title={ADXL335 Datasheet and Product Info | Analog Devices},
    url={https://www.analog.com/en/products/adxl335.html#product-overview},
    journal={ADXL335 Datasheet and Product Info | Analog Devices},
    publisher={www.analog.com},
    author={AnalogDevices},
    year={2010}
}

@misc{arduino,
    title={Arduino - Home},
    url={https://www.arduino.cc/},
    journal={Arduino - Home},
    publisher={www.arduino.cc},
    author={Arduino},
    year={2005}
}

@misc{cd74hc4067,
    title={CD74HC4067 data sheet, product information and support | TI.com},
    url={https://www.ti.com/product/CD74HC4067},
    journal={CD74HC4067 data sheet, product information and support | TI.com},
    publisher={www.ti.com},
    author={{Texas Instruments}},
    year={2003},
    month={Jul}
}

@misc{arduinoNano,
    title={Arduino Nano 33 BLE — Arduino Official Store},
    url={https://store.arduino.cc/products/arduino-nano-33-ble},
    journal={Arduino Official Store},
    publisher={store.arduino.cc},
    author={Arduino},
    year={2016}
}

@article{roll2016,
    author = {Roll, Shawn C. and Hardison, Mark E.},
    title = "{Effectiveness of Occupational Therapy Interventions for Adults With Musculoskeletal Conditions of the Forearm, Wrist, and Hand: A Systematic Review}",
    journal = {The American Journal of Occupational Therapy},
    volume = {71},
    number = {1},
    pages = {7101180010p1-7101180010p12},
    year = {2016},
    month = {12},
    issn = {0272-9490},
    doi = {10.5014/ajot.2017.023234},
    url = {https://doi.org/10.5014/ajot.2017.023234},
    eprint = {https://research.aota.org/ajot/article-pdf/71/1/7101180010p1/68296/7101180010p1.pdf},
}

@article{rempel2008,
    author = {Rempel, David M. and Keir, Peter J. and Bach, Joel M.},
    title = {Effect of wrist posture on carpal tunnel pressure while typing},
    journal = {Journal of Orthopaedic Research},
    volume = {26},
    number = {9},
    pages = {1269-1273},
    keywords = {carpal tunnel syndrome, keyboard, occupation, overuse, neuropathy},
    doi = {https://doi.org/10.1002/jor.20599},
    url = {https://onlinelibrary.wiley.com/doi/abs/10.1002/jor.20599},
    eprint = {https://onlinelibrary.wiley.com/doi/pdf/10.1002/jor.20599},
    year = {2008}
}

@inproceedings{wu2009,
    author = {Wu, Jiahui and Pan, Gang and Zhang, Daqing and Qi, Guande and Li, Shijian},
    year = {2009},
    month = {07},
    pages = {25-38},
    title = {Gesture Recognition with a 3-D Accelerometer},
    volume = {5585},
    isbn = {978-3-642-02829-8},
    doi = {10.1007/978-3-642-02830-4_4}
}

@article{whitehead2014,
    author = {Whitehead, A.D.},
    year = {2014},
    month = {04},
    pages = {},
    title = {Gesture Recognition with Accelerometers for Game Controllers, Phones and Wearables},
    volume = {3},
    journal = {GSTF Journal on Computing (JoC)},
    doi = {10.7603/s40601-013-0042-9}
}

@article{keskin2003,
    author = {Keskin, Cem and Erkan, A.N. and Akarun, L},
    year = {2003},
    month = {01},
    pages = {},
    title = {Real time hand tracking and 3D gesture recognition for interactive interfaces using HMM},
    journal = {Proceedings of the joint international conference ICANN/ICONIP}
}

@article{akl2011,
    author={Akl, Ahmad and Feng, Chen and Valaee, Shahrokh},
    journal={IEEE Transactions on Signal Processing},
    title={A Novel Accelerometer-Based Gesture Recognition System},
    year={2011},
    volume={59},
    number={12},
    pages={6197-6205},
    doi={10.1109/TSP.2011.2165707}
}

@article{kratz2007,
    author = {Kratz, Louis and Smith, Matthew and Lee, Frank},
    year = {2007},
    month = {01},
    pages = {209-212},
    title = {Wiizards: 3D gesture recognition for game play input},
    isbn = {978-1-59593-943-2},
    journal = {Proceedings of the 2007 Conference on Future Play, Future Play '07},
    doi = {10.1145/1328202.1328241}
}

@inproceedings{segen1998a,
    author = {Segen, Jakub and Kumar, S.},
    year = {1998},
    month = {09},
    pages = {86 - 91 vol.1},
    title = {Fast and accurate 3D gesture recognition interface},
    volume = {1},
    isbn = {0-8186-8512-3},
    doi = {10.1109/ICPR.1998.711086}
}

@inproceedings{gupta2019,
    author = {Gupta, Priyanshu and Goswamy, Tushar and Kumar, Himanshu and Venkatesh, K.S.},
    year = {2019},
    month = {12},
    pages = {1-6},
    title = {A Defocus Based Novel Keyboard Design},
    doi = {10.1109/CICT48419.2019.9066224}
}

@article{alvi2007,
    author = {Alvi, Aleem and Azhar, M.Y.B. and Usman, Mehmood and Mumtaz, Suleman and Rafiq, Sameer and Rehman, Razi and Ahmed, Israr},
    year = {2007},
    month = {01},
    pages = {},
    title = {Pakistan Sign Language Recognition Using Statistical Template Matching},
    volume = {1},
    journal = {International Journal of Computer, Electrical, Automation, Control and Information Engineering, World Academy Of Science, Engineering and Technology}
}

@article{izotov2021,
    author = {Izotov, Yuriy and Velichko, Andrei and Ivshin, Aleksandr and Novitskiy, Roman},
    year = {2021},
    month = {04},
    pages = {},
    title = {Recognition of handwritten MNIST digits on low-memory 2 Kb RAM Arduino board using LogNNet reservoir neural network}
}

@inproceedings{manresayee2005,
    author = {Cristina Manresa-Yee, Javier Varona, Ramon Mas and F.J. Perales},
    year = {2005},
    title = {Human-computer interaction using gesture recognition and 3D hand tracking},
}

@article{marcelo2006,
    author = {Marcelo, João and Farias, Thiago and Pessoa, Saulo and Moura, Guilherme and Teichrieb, Veronica},
    year = {2006},
    month = {01},
    title = {GeFighters: an Experiment for Gesture-based Interaction Analysis in a Fighting Game}
}

@article{kela2006,
    author = {Kela, Juha and Korpipää, Panu and Mäntyjärvi, Jani and Kallio, Sanna and Savino, Giuseppe and Jozzo, Luca and Marca, Sergio},
    year = {2006},
    month = {08},
    pages = {285-299},
    title = {Accelerometer-based gesture control for a design environment},
    volume = {10},
    journal = {Personal and Ubiquitous Computing},
    doi = {10.1007/s00779-005-0033-8}
}

@inproceedings{mantyjarvi2004,
    author = {Mäntyjärvi, Jani and Kela, Juha and Korpipää, Panu and Kallio, Sanna},
    year = {2004},
    month = {01},
    pages = {25-31},
    title = {Enabling fast and effortless customisation in accelerometer based gesture interaction},
    volume = {83},
    journal = {MUM 2004 - Proceedings of the 3rd International Conference on Mobile and Ubiquitous Multimedia},
    doi = {10.1145/1052380.1052385}
}

@article{lee1999,
    title={An HMM-Based Threshold Model Approach for Gesture Recognition},
    author={Hyeon-Kyu Lee and Jin-Hyung Kim},
    journal={IEEE Trans. Pattern Anal. Mach. Intell.},
    year={1999},
    volume={21},
    pages={961-973}
}

@article{eickeler1998,
    author = {Eickeler, Stefan and Kosmala, Andreas and Rigoll, Gerhard},
    year = {1998},
    month = {11},
    pages = {},
    title = {Hidden Markov Model Based Continuous Online Gesture Recognition}
}

@article{starner1995,
    author = {Starner, Thad and Pentland, Alex},
    year = {1995},
    month = {05},
    pages = {},
    title = {Visual recognition of american sign language using hidden markov models}
}

@InProceedings{hofmann1998,
    author="Hofmann, Frank G. and Heyer, Peter and Hommel, G{\"u}nter",
    editor="Wachsmuth, Ipke and Fr{\"o}hlich, Martin",
    title="Velocity profile based recognition of dynamic gestures with discrete Hidden Markov Models",
    booktitle="Gesture and Sign Language in Human-Computer Interaction",
    year="1998",
    publisher="Springer Berlin Heidelberg",
    address="Berlin, Heidelberg",
    pages="81--95",
    isbn="978-3-540-69782-4",
    url={https://link.springer.com/chapter/10.1007/BFb0052991}
}

@misc{hofmann1995,
    title={SensorGlove: Anthropomorphic Robot Hand},
    url={https://pdv.cs.tu-berlin.de/forschung/SensorGlove2_engl.html},
    author={{Frank Hofmann} and {Jürgen Henz}},
    year = {1995},
}

@misc{patxi2017,
    title={Sensor Glove},
    url={https://sensorglove.wixsite.com/sensorglove/producto},
    author={Patxi Xabier Quintana Arregui},
    year = {2017},
}

@inproceedings{rekimoto2001,
    author = {Rekimoto, Jun},
    year = {2001},
    month = {02},
    pages = {21-27},
    title = {GestureWrist and GesturePad: unobtrusive wearable interactiondevices},
    isbn = {0-7695-1318-2},
    journal = {International Symposium on Wearable Computers, Digest of Papers},
    doi = {10.1109/ISWC.2001.962092}
}

@InProceedings{tuulari2002,
    author="Tuulari, Esa
    and Ylisaukko-oja, Arto",
    editor="Mattern, Friedemann
    and Naghshineh, Mahmoud",
    title="SoapBox: A Platform for Ubiquitous Computing Research and Applications",
    booktitle="Pervasive Computing",
    year="2002",
    publisher="Springer Berlin Heidelberg",
    address="Berlin, Heidelberg",
    pages="125--138",
    isbn="978-3-540-45866-1"
}

@misc{immersioninc,
    title={Immersion Inc CyberGlove II},
    url={https://www.immersion.fr/en/cyberglove-ii/},
    year={2005},
    author={{Immersion Inc}},
}


@misc{fifthdimensiontechnologies,
    title={DataGlove5},
    url={https://5dt.com/5dt-data-glove-ultra/},
    year={2005},
    author={{Fifth Dimension Technologies}},
}

@inproceedings{murakami1991,
    author = {Murakami, Kouichi and Taguchi, Hitomi},
    title = {Gesture Recognition Using Recurrent Neural Networks},
    year = {1991},
    isbn = {0897913833},
    publisher = {Association for Computing Machinery},
    address = {New York, NY, USA},
    url = {https://doi.org/10.1145/108844.108900},
    doi = {10.1145/108844.108900},
    booktitle = {Proceedings of the SIGCHI Conference on Human Factors in Computing Systems},
    pages = {237–242},
    numpages = {6},
    location = {New Orleans, Louisiana, USA},
    series = {CHI '91}
}

@article{kadous1995,
    author = {Kadous, Mohammed},
    year = {1995},
    month = {12},
    pages = {},
    title = {GRASP: Recognition of Australian Sign Language Using Instrumented Gloves}
}

@article{elman2004,
    title={Distributed representations, simple recurrent networks, and grammatical structure},
    author={Jeffrey L. Elman},
    journal={Machine Learning},
    year={2004},
    volume={7},
    pages={195-225}
}

@inproceedings{liu2009,
    author={Liu, Jiayang and Wang, Zhen and Zhong, Lin and Wickramasuriya, Jehan and Vasudevan, Venu},
    booktitle={2009 IEEE International Conference on Pervasive Computing and Communications},
    title={uWave: Accelerometer-based personalized gesture recognition and its applications},
    year={2009},
    volume={},
    number={},
    pages={1-9},
    doi={10.1109/PERCOM.2009.4912759}
}

@inproceedings{heumer2007,
    author = {Heumer, Guido and Ben Amor, Heni and Weber, Matthias and Jung, Bernhard},
    year = {2007},
    month = {03},
    pages = {19-26},
    title = {Grasp Recognition with Uncalibrated Data Gloves - A Comparison of Classification Methods},
    journal = {Proceedings - IEEE Virtual Reality},
    doi = {10.1109/VR.2007.352459}
}

@misc{cyberglove,
    title={Wireless CyberGlove II Motion Capture Data Glove},
    url={http://www.cyberglovesystems.com/cyberglove-ii/},
    author={CyberGlove~Inc},
}

@article{myers1981,
    author={Myers, C. S. and Rabiner, L. R.},
    journal={The Bell System Technical Journal},
    title={A comparative study of several dynamic time-warping algorithms for connected-word recognition},
    year={1981},
    volume={60},
    number={7},
    pages={1389-1409},
    doi={10.1002/j.1538-7305.1981.tb00272.x}
}

@misc{karpathy2019,
    title={A Recipe for Training Neural Networks},
    url={https://karpathy.github.io/2019/04/25/recipe/},
    journal={Andrej Karpathy Blog},
    publisher={https://karpathy.github.io},
    author={Andrej Karpathy},
    year={2019}
}


@article{srivastava2014,
  title={Dropout: a simple way to prevent neural networks from overfitting},
  author={Nitish Srivastava and Geoffrey E. Hinton and Alex Krizhevsky and Ilya Sutskever and Ruslan Salakhutdinov},
  journal={J. Mach. Learn. Res.},
  year={2014},
  volume={15},
  pages={1929-1958}
}

@article{agarap2018,
  title={Deep Learning using Rectified Linear Units (ReLU)},
  author={Abien Fred Agarap},
  journal={ArXiv},
  year={2018},
  volume={abs/1803.08375}
}
@article{elman2004,
    title={Distributed representations, simple recurrent networks, and grammatical structure},
    author={Jeffrey L. Elman},
    journal={Machine Learning},
    year={2004},
    volume={7},
    pages={195-225}
}

@inproceedings{quinlan1992,
  title={C4.5: Programs for Machine Learning},
  author={J. Ross Quinlan},
  year={1992}
}

@inproceedings{senin2008,
  title={Dynamic Time Warping Algorithm Review},
  author={Pavel Senin},
  year={2008}
}

@inproceedings{gillian2014,
  title={The gesture recognition toolkit},
  author={Nicholas Edward Gillian and Joseph A. Paradiso},
  booktitle={J. Mach. Learn. Res.},
  year={2014}
}

@article{bergstra2012,
    author = {Bergstra, James and Bengio, Yoshua},
    title = {Random Search for Hyper-Parameter Optimization},
    year = {2012},
    issue_date = {3/1/2012},
    publisher = {JMLR.org},
    volume = {13},
    number = {null},
    issn = {1532-4435},
    journal = {J. Mach. Learn. Res.},
    month = {feb},
    pages = {281–305},
    numpages = {25},
    keywords = {global optimization, deep learning, response surface modeling, neural networks, model selection}
}

@Inbook{muller2007,
    title="Dynamic Time Warping",
    bookTitle="Information Retrieval for Music and Motion",
    year="2007",
    publisher="Springer Berlin Heidelberg",
    address="Berlin, Heidelberg",
    pages="69--84",
    isbn="978-3-540-74048-3",
    doi="10.1007/978-3-540-74048-3_4",
    url="https://doi.org/10.1007/978-3-540-74048-3_4"
}

@book{geron2019,
  title={Hands-On Machine Learning with Scikit-Learn, Keras, and TensorFlow: Concepts, Tools, and Techniques to Build Intelligent Systems},
  author={G{\'e}ron, A.},
  isbn={9781492032618},
  url={https://books.google.co.za/books?id=HHetDwAAQBAJ},
  year={2019},
  publisher={O'Reilly Media}
}

@article{yamato1992,
  title={Recognizing human action in time-sequential images using hidden Markov model},
  author={Junji Yamato and Jun Ohya and Kenichiro Ishii},
  journal={Proceedings 1992 IEEE Computer Society Conference on Computer Vision and Pattern Recognition},
  year={1992},
  pages={379-385}
}

@article{rigoll1997a,
  title={New improved feature extraction methods for real-time high performance image sequence recognition},
  author={Gerhard Rigoll and Andreas Kosmala},
  journal={1997 IEEE International Conference on Acoustics, Speech, and Signal Processing},
  year={1997},
  volume={4},
  pages={2901-2904 vol.4}
}

@inproceedings{rigoll1997b,
  title={High Performance Real-Time Gesture Recognition Using Hidden Markov Models},
  author={Gerhard Rigoll and Andreas Kosmala and Stefan Eickeler},
  booktitle={Gesture Workshop},
  year={1997}
}

@article{gaka2016InertialMS,
  title={Inertial Motion Sensing Glove for Sign Language Gesture Acquisition and Recognition},
  author={Jakub Gałka and Mariusz Masior and Mateusz Zaborski and Katarzyna Barczewska},
  journal={IEEE Sensors Journal},
  year={2016},
  volume={16},
  pages={6310-6316}
}

@inproceedings{rigoll1997HighPR,
  title={High Performance Real-Time Gesture Recognition Using Hidden Markov Models},
  author={Gerhard Rigoll and Andreas Kosmala and Stefan Eickeler},
  booktitle={Gesture Workshop},
  year={1997}
}
