# This citation is used as a placeholder
@inproceedings{TODO,
  title={TODO},
  author={UNKNOWN},
  year={TODO}
}
